@online{chisquare,
author = {The Pennsylvania State University},
title  = {Chi-Square Tests},
date   = {2017-10},
url    = {https://onlinecourses.science.psu.edu/statprogram/node/158}
}