@online{chisquare,
author = {The Pennsylvania State University},
title  = {Chi-Square Tests},
date   = {2017-10},
url    = {https://onlinecourses.science.psu.edu/statprogram/node/158}
}
@online{chisquareRandom,
author = {RANDOM.ORG},
title  = {Statistical Analysis},
date   = {2017-10},
url    = {https://www.random.org/analysis/}
}
@online{chisquareTable,
author = {Plant \& Soil Sciences eLibrary},
title  = {Chi-Square Distribution Table},
date   = {2017-10},
url    = {http://passel.unl.edu/pages/informationmodule.php?idinformationmodule=1130447119&topicorder=8&maxto=16&minto=1}
}
@online{spain,
author = {FIA},
title  = {Lap-chart Spain},
date   = {2017-10},
url    = {https://www.fia.com/events/fia-formula-one-world-championship/season-2017/lap-chart-21}
}
@online{canada,
author = {FIA},
title  = {Lap-chart Canada},
date   = {2017-10},
url    = {https://www.fia.com/events/fia-formula-one-world-championship/season-2017/lap-chart-29}
}
@online{azerbaijan,
author = {FIA},
title  = {Lap-chart Azerbaijan},
date   = {2017-10},
url    = {https://www.fia.com/events/fia-formula-one-world-championship/season-2017/lap-chart-30}
}
@online{austria,
author = {FIA},
title  = {Lap-chart Austria},
date   = {2017-10},
url    = {https://www.fia.com/events/fia-formula-one-world-championship/season-2017/lap-chart-31}
}
@online{hungary,
author = {FIA},
title  = {Lap-chart Hungary},
date   = {2017-10},
url    = {https://www.fia.com/events/fia-formula-one-world-championship/season-2017/lap-chart-32}
}
@online{italy,
author = {FIA},
title  = {Lap-chart Italy},
date   = {2017-10},
url    = {https://www.fia.com/events/fia-formula-one-world-championship/season-2017/lap-chart-25}
}
@online{singapore,
author = {FIA},
title  = {Lap-chart Singapore},
date   = {2017-10},
url    = {https://www.fia.com/events/fia-formula-one-world-championship/season-2017/lap-chart-33}
}
@online{malaysia,
author = {FIA},
title  = {Lap-chart Malaysia},
date   = {2017-10},
url    = {https://www.fia.com/events/fia-formula-one-world-championship/season-2017/lap-chart-34}
}
@online{japan,
author = {FIA},
title  = {Lap-chart Japan},
date   = {2017-10},
url    = {https://www.fia.com/events/fia-formula-one-world-championship/season-2017/lap-chart-26}
}
